%YAML 1.1
%TAG !u! tag:unity3d.com,2011:
--- !u!29 &1
OcclusionCullingSettings:
  m_ObjectHideFlags: 0
  serializedVersion: 2
  m_OcclusionBakeSettings:
    smallestOccluder: 5
    smallestHole: 0.25
    backfaceThreshold: 100
  m_SceneGUID: 00000000000000000000000000000000
  m_OcclusionCullingData: {fileID: 0}
--- !u!104 &2
RenderSettings:
  m_ObjectHideFlags: 0
  serializedVersion: 8
  m_Fog: 0
  m_FogColor: {r: 0.5, g: 0.5, b: 0.5, a: 1}
  m_FogMode: 3
  m_FogDensity: 0.01
  m_LinearFogStart: 0
  m_LinearFogEnd: 300
  m_AmbientSkyColor: {r: 0.212, g: 0.227, b: 0.259, a: 1}
  m_AmbientEquatorColor: {r: 0.114, g: 0.125, b: 0.133, a: 1}
  m_AmbientGroundColor: {r: 0.047, g: 0.043, b: 0.035, a: 1}
  m_AmbientIntensity: 1
  m_AmbientMode: 3
  m_SubtractiveShadowColor: {r: 0.42, g: 0.478, b: 0.627, a: 1}
  m_SkyboxMaterial: {fileID: 0}
  m_HaloStrength: 0.5
  m_FlareStrength: 1
  m_FlareFadeSpeed: 3
  m_HaloTexture: {fileID: 0}
  m_SpotCookie: {fileID: 10001, guid: 0000000000000000e000000000000000, type: 0}
  m_DefaultReflectionMode: 0
  m_DefaultReflectionResolution: 128
  m_ReflectionBounces: 1
  m_ReflectionIntensity: 1
  m_CustomReflection: {fileID: 0}
  m_Sun: {fileID: 0}
  m_IndirectSpecularColor: {r: 0, g: 0, b: 0, a: 1}
--- !u!157 &3
LightmapSettings:
  m_ObjectHideFlags: 0
  serializedVersion: 11
  m_GIWorkflowMode: 1
  m_GISettings:
    serializedVersion: 2
    m_BounceScale: 1
    m_IndirectOutputScale: 1
    m_AlbedoBoost: 1
    m_TemporalCoherenceThreshold: 1
    m_EnvironmentLightingMode: 0
    m_EnableBakedLightmaps: 0
    m_EnableRealtimeLightmaps: 0
  m_LightmapEditorSettings:
    serializedVersion: 9
    m_Resolution: 2
    m_BakeResolution: 40
    m_TextureWidth: 1024
    m_TextureHeight: 1024
    m_AO: 0
    m_AOMaxDistance: 1
    m_CompAOExponent: 1
    m_CompAOExponentDirect: 0
    m_Padding: 2
    m_LightmapParameters: {fileID: 0}
    m_LightmapsBakeMode: 1
    m_TextureCompression: 1
    m_FinalGather: 0
    m_FinalGatherFiltering: 1
    m_FinalGatherRayCount: 256
    m_ReflectionCompression: 2
    m_MixedBakeMode: 2
    m_BakeBackend: 0
    m_PVRSampling: 1
    m_PVRDirectSampleCount: 32
    m_PVRSampleCount: 500
    m_PVRBounces: 2
    m_PVRFilterTypeDirect: 0
    m_PVRFilterTypeIndirect: 0
    m_PVRFilterTypeAO: 0
    m_PVRFilteringMode: 1
    m_PVRCulling: 1
    m_PVRFilteringGaussRadiusDirect: 1
    m_PVRFilteringGaussRadiusIndirect: 5
    m_PVRFilteringGaussRadiusAO: 2
    m_PVRFilteringAtrousPositionSigmaDirect: 0.5
    m_PVRFilteringAtrousPositionSigmaIndirect: 2
    m_PVRFilteringAtrousPositionSigmaAO: 1
  m_LightingDataAsset: {fileID: 0}
  m_UseShadowmask: 1
--- !u!196 &4
NavMeshSettings:
  serializedVersion: 2
  m_ObjectHideFlags: 0
  m_BuildSettings:
    serializedVersion: 2
    agentTypeID: 0
    agentRadius: 0.5
    agentHeight: 2
    agentSlope: 45
    agentClimb: 0.4
    ledgeDropHeight: 0
    maxJumpAcrossDistance: 0
    minRegionArea: 2
    manualCellSize: 0
    cellSize: 0.16666667
    manualTileSize: 0
    tileSize: 256
    accuratePlacement: 0
    debug:
      m_Flags: 0
  m_NavMeshData: {fileID: 0}
--- !u!1001 &91583556
Prefab:
  m_ObjectHideFlags: 0
  serializedVersion: 2
  m_Modification:
    m_TransformParent: {fileID: 0}
    m_Modifications:
    - target: {fileID: 224050039779164112, guid: 4b6c20b10f9476148b877e3e156e7db0,
        type: 2}
      propertyPath: m_LocalPosition.x
      value: 0
      objectReference: {fileID: 0}
    - target: {fileID: 224050039779164112, guid: 4b6c20b10f9476148b877e3e156e7db0,
        type: 2}
      propertyPath: m_LocalPosition.y
      value: 0
      objectReference: {fileID: 0}
    - target: {fileID: 224050039779164112, guid: 4b6c20b10f9476148b877e3e156e7db0,
        type: 2}
      propertyPath: m_LocalPosition.z
      value: 0
      objectReference: {fileID: 0}
    - target: {fileID: 224050039779164112, guid: 4b6c20b10f9476148b877e3e156e7db0,
        type: 2}
      propertyPath: m_LocalRotation.x
      value: 0
      objectReference: {fileID: 0}
    - target: {fileID: 224050039779164112, guid: 4b6c20b10f9476148b877e3e156e7db0,
        type: 2}
      propertyPath: m_LocalRotation.y
      value: 0
      objectReference: {fileID: 0}
    - target: {fileID: 224050039779164112, guid: 4b6c20b10f9476148b877e3e156e7db0,
        type: 2}
      propertyPath: m_LocalRotation.z
      value: 0
      objectReference: {fileID: 0}
    - target: {fileID: 224050039779164112, guid: 4b6c20b10f9476148b877e3e156e7db0,
        type: 2}
      propertyPath: m_LocalRotation.w
      value: 1
      objectReference: {fileID: 0}
    - target: {fileID: 224050039779164112, guid: 4b6c20b10f9476148b877e3e156e7db0,
        type: 2}
      propertyPath: m_RootOrder
      value: 3
      objectReference: {fileID: 0}
    - target: {fileID: 224050039779164112, guid: 4b6c20b10f9476148b877e3e156e7db0,
        type: 2}
      propertyPath: m_AnchoredPosition.x
      value: 0
      objectReference: {fileID: 0}
    - target: {fileID: 224050039779164112, guid: 4b6c20b10f9476148b877e3e156e7db0,
        type: 2}
      propertyPath: m_AnchoredPosition.y
      value: 0
      objectReference: {fileID: 0}
    - target: {fileID: 224050039779164112, guid: 4b6c20b10f9476148b877e3e156e7db0,
        type: 2}
      propertyPath: m_SizeDelta.x
      value: 100
      objectReference: {fileID: 0}
    - target: {fileID: 224050039779164112, guid: 4b6c20b10f9476148b877e3e156e7db0,
        type: 2}
      propertyPath: m_SizeDelta.y
      value: 100
      objectReference: {fileID: 0}
    - target: {fileID: 224050039779164112, guid: 4b6c20b10f9476148b877e3e156e7db0,
        type: 2}
      propertyPath: m_AnchorMin.x
      value: 0.5
      objectReference: {fileID: 0}
    - target: {fileID: 224050039779164112, guid: 4b6c20b10f9476148b877e3e156e7db0,
        type: 2}
      propertyPath: m_AnchorMin.y
      value: 0.5
      objectReference: {fileID: 0}
    - target: {fileID: 224050039779164112, guid: 4b6c20b10f9476148b877e3e156e7db0,
        type: 2}
      propertyPath: m_AnchorMax.x
      value: 0.5
      objectReference: {fileID: 0}
    - target: {fileID: 224050039779164112, guid: 4b6c20b10f9476148b877e3e156e7db0,
        type: 2}
      propertyPath: m_AnchorMax.y
      value: 0.5
      objectReference: {fileID: 0}
    - target: {fileID: 224050039779164112, guid: 4b6c20b10f9476148b877e3e156e7db0,
        type: 2}
      propertyPath: m_Pivot.x
      value: 0.5
      objectReference: {fileID: 0}
    - target: {fileID: 224050039779164112, guid: 4b6c20b10f9476148b877e3e156e7db0,
        type: 2}
      propertyPath: m_Pivot.y
      value: 0.5
      objectReference: {fileID: 0}
    - target: {fileID: 224636741705864114, guid: 4b6c20b10f9476148b877e3e156e7db0,
        type: 2}
      propertyPath: m_LocalPosition.x
      value: 0
      objectReference: {fileID: 0}
    - target: {fileID: 223793937900567436, guid: 4b6c20b10f9476148b877e3e156e7db0,
        type: 2}
      propertyPath: m_Camera
      value: 
      objectReference: {fileID: 443561039}
    - target: {fileID: 224096021555749106, guid: 4b6c20b10f9476148b877e3e156e7db0,
        type: 2}
      propertyPath: m_LocalPosition.x
      value: 238.13745
      objectReference: {fileID: 0}
    - target: {fileID: 224347826965018250, guid: 4b6c20b10f9476148b877e3e156e7db0,
        type: 2}
      propertyPath: m_LocalPosition.x
      value: -53
      objectReference: {fileID: 0}
    - target: {fileID: 224347826965018250, guid: 4b6c20b10f9476148b877e3e156e7db0,
        type: 2}
      propertyPath: m_LocalPosition.y
      value: -323
      objectReference: {fileID: 0}
    - target: {fileID: 224231727133841204, guid: 4b6c20b10f9476148b877e3e156e7db0,
        type: 2}
      propertyPath: m_LocalPosition.x
      value: -53
      objectReference: {fileID: 0}
    - target: {fileID: 224231727133841204, guid: 4b6c20b10f9476148b877e3e156e7db0,
        type: 2}
      propertyPath: m_LocalPosition.y
      value: -323
      objectReference: {fileID: 0}
    - target: {fileID: 114905189977377474, guid: 4b6c20b10f9476148b877e3e156e7db0,
        type: 2}
      propertyPath: mainMenuGO
      value: 
      objectReference: {fileID: 1485678734}
    - target: {fileID: 1175079419731224, guid: 4b6c20b10f9476148b877e3e156e7db0, type: 2}
      propertyPath: m_IsActive
      value: 0
      objectReference: {fileID: 0}
    - target: {fileID: 224849504938868714, guid: 4b6c20b10f9476148b877e3e156e7db0,
        type: 2}
      propertyPath: m_SizeDelta.x
      value: 200
      objectReference: {fileID: 0}
    - target: {fileID: 224636741705864114, guid: 4b6c20b10f9476148b877e3e156e7db0,
        type: 2}
      propertyPath: m_SizeDelta.x
      value: 200
      objectReference: {fileID: 0}
    - target: {fileID: 224828605948400238, guid: 4b6c20b10f9476148b877e3e156e7db0,
        type: 2}
      propertyPath: m_SizeDelta.x
      value: 200
      objectReference: {fileID: 0}
    - target: {fileID: 224210280821249444, guid: 4b6c20b10f9476148b877e3e156e7db0,
        type: 2}
      propertyPath: m_SizeDelta.x
      value: 200
      objectReference: {fileID: 0}
    - target: {fileID: 224849504938868714, guid: 4b6c20b10f9476148b877e3e156e7db0,
        type: 2}
      propertyPath: m_SizeDelta.y
      value: 200
      objectReference: {fileID: 0}
    - target: {fileID: 224636741705864114, guid: 4b6c20b10f9476148b877e3e156e7db0,
        type: 2}
      propertyPath: m_SizeDelta.y
      value: 200
      objectReference: {fileID: 0}
    - target: {fileID: 224828605948400238, guid: 4b6c20b10f9476148b877e3e156e7db0,
        type: 2}
      propertyPath: m_SizeDelta.y
      value: 200
      objectReference: {fileID: 0}
    - target: {fileID: 224210280821249444, guid: 4b6c20b10f9476148b877e3e156e7db0,
        type: 2}
      propertyPath: m_SizeDelta.y
      value: 200
      objectReference: {fileID: 0}
    - target: {fileID: 224849504938868714, guid: 4b6c20b10f9476148b877e3e156e7db0,
        type: 2}
      propertyPath: m_LocalPosition.x
      value: 0
      objectReference: {fileID: 0}
    - target: {fileID: 224849504938868714, guid: 4b6c20b10f9476148b877e3e156e7db0,
        type: 2}
      propertyPath: m_AnchoredPosition.x
      value: 0
      objectReference: {fileID: 0}
    - target: {fileID: 224828605948400238, guid: 4b6c20b10f9476148b877e3e156e7db0,
        type: 2}
      propertyPath: m_LocalPosition.x
      value: 0
      objectReference: {fileID: 0}
    - target: {fileID: 224828605948400238, guid: 4b6c20b10f9476148b877e3e156e7db0,
        type: 2}
      propertyPath: m_AnchoredPosition.x
      value: 0
      objectReference: {fileID: 0}
    - target: {fileID: 224636741705864114, guid: 4b6c20b10f9476148b877e3e156e7db0,
        type: 2}
      propertyPath: m_AnchoredPosition.x
      value: 0
      objectReference: {fileID: 0}
    - target: {fileID: 224210280821249444, guid: 4b6c20b10f9476148b877e3e156e7db0,
        type: 2}
      propertyPath: m_LocalPosition.x
      value: 0
      objectReference: {fileID: 0}
    - target: {fileID: 224210280821249444, guid: 4b6c20b10f9476148b877e3e156e7db0,
        type: 2}
      propertyPath: m_AnchoredPosition.x
      value: 0
      objectReference: {fileID: 0}
    - target: {fileID: 224849504938868714, guid: 4b6c20b10f9476148b877e3e156e7db0,
        type: 2}
      propertyPath: m_LocalPosition.y
      value: 0
      objectReference: {fileID: 0}
    - target: {fileID: 224849504938868714, guid: 4b6c20b10f9476148b877e3e156e7db0,
        type: 2}
      propertyPath: m_AnchoredPosition.y
      value: 0
      objectReference: {fileID: 0}
    - target: {fileID: 224636741705864114, guid: 4b6c20b10f9476148b877e3e156e7db0,
        type: 2}
      propertyPath: m_LocalPosition.y
      value: 0
      objectReference: {fileID: 0}
    - target: {fileID: 224636741705864114, guid: 4b6c20b10f9476148b877e3e156e7db0,
        type: 2}
      propertyPath: m_AnchoredPosition.y
      value: 0
      objectReference: {fileID: 0}
    - target: {fileID: 224828605948400238, guid: 4b6c20b10f9476148b877e3e156e7db0,
        type: 2}
      propertyPath: m_LocalPosition.y
      value: 0
      objectReference: {fileID: 0}
    - target: {fileID: 224828605948400238, guid: 4b6c20b10f9476148b877e3e156e7db0,
        type: 2}
      propertyPath: m_AnchoredPosition.y
      value: 0
      objectReference: {fileID: 0}
    - target: {fileID: 224210280821249444, guid: 4b6c20b10f9476148b877e3e156e7db0,
        type: 2}
      propertyPath: m_LocalPosition.y
      value: 0
      objectReference: {fileID: 0}
    - target: {fileID: 224210280821249444, guid: 4b6c20b10f9476148b877e3e156e7db0,
        type: 2}
      propertyPath: m_AnchoredPosition.y
      value: 0
      objectReference: {fileID: 0}
    m_RemovedComponents: []
  m_ParentPrefab: {fileID: 100100000, guid: 4b6c20b10f9476148b877e3e156e7db0, type: 2}
  m_IsPrefabParent: 0
--- !u!1 &91583557 stripped
GameObject:
  m_PrefabParentObject: {fileID: 1175079419731224, guid: 4b6c20b10f9476148b877e3e156e7db0,
    type: 2}
  m_PrefabInternal: {fileID: 91583556}
--- !u!1 &284184680
GameObject:
  m_ObjectHideFlags: 0
  m_PrefabParentObject: {fileID: 0}
  m_PrefabInternal: {fileID: 0}
  serializedVersion: 5
  m_Component:
  - component: {fileID: 284184682}
  - component: {fileID: 284184681}
  m_Layer: 5
  m_Name: Manager
  m_TagString: Untagged
  m_Icon: {fileID: 0}
  m_NavMeshLayer: 0
  m_StaticEditorFlags: 0
  m_IsActive: 1
--- !u!114 &284184681
MonoBehaviour:
  m_ObjectHideFlags: 0
  m_PrefabParentObject: {fileID: 0}
  m_PrefabInternal: {fileID: 0}
  m_GameObject: {fileID: 284184680}
  m_Enabled: 1
  m_EditorHideFlags: 0
  m_Script: {fileID: 11500000, guid: 41a263789de344d429d5e2bf278582fe, type: 3}
  m_Name: 
  m_EditorClassIdentifier: 
  subMenuGOs:
  - {fileID: 1485678734}
  - {fileID: 91583557}
  - {fileID: 2139299789}
  - {fileID: 1769707062}
--- !u!4 &284184682
Transform:
  m_ObjectHideFlags: 0
  m_PrefabParentObject: {fileID: 0}
  m_PrefabInternal: {fileID: 0}
  m_GameObject: {fileID: 284184680}
  m_LocalRotation: {x: 0, y: 0, z: 0, w: 1}
  m_LocalPosition: {x: 0, y: 0, z: 0}
  m_LocalScale: {x: 1, y: 1, z: 1}
  m_Children: []
  m_Father: {fileID: 0}
  m_RootOrder: 1
  m_LocalEulerAnglesHint: {x: 0, y: 0, z: 0}
--- !u!20 &443561039 stripped
Camera:
  m_PrefabParentObject: {fileID: 20801328034020704, guid: c75b08499b5323748a35edd1e3d134de,
    type: 2}
  m_PrefabInternal: {fileID: 1784703348}
--- !u!1001 &756586153
Prefab:
  m_ObjectHideFlags: 0
  serializedVersion: 2
  m_Modification:
    m_TransformParent: {fileID: 0}
    m_Modifications:
    - target: {fileID: 224856316964709132, guid: 86cd9ec8dbeab7c4ea32f4662febf3f5,
        type: 2}
      propertyPath: m_LocalPosition.x
      value: 0
      objectReference: {fileID: 0}
    - target: {fileID: 224856316964709132, guid: 86cd9ec8dbeab7c4ea32f4662febf3f5,
        type: 2}
      propertyPath: m_LocalPosition.y
      value: 0
      objectReference: {fileID: 0}
    - target: {fileID: 224856316964709132, guid: 86cd9ec8dbeab7c4ea32f4662febf3f5,
        type: 2}
      propertyPath: m_LocalPosition.z
      value: 0
      objectReference: {fileID: 0}
    - target: {fileID: 224856316964709132, guid: 86cd9ec8dbeab7c4ea32f4662febf3f5,
        type: 2}
      propertyPath: m_LocalRotation.x
      value: 0
      objectReference: {fileID: 0}
    - target: {fileID: 224856316964709132, guid: 86cd9ec8dbeab7c4ea32f4662febf3f5,
        type: 2}
      propertyPath: m_LocalRotation.y
      value: 0
      objectReference: {fileID: 0}
    - target: {fileID: 224856316964709132, guid: 86cd9ec8dbeab7c4ea32f4662febf3f5,
        type: 2}
      propertyPath: m_LocalRotation.z
      value: 0
      objectReference: {fileID: 0}
    - target: {fileID: 224856316964709132, guid: 86cd9ec8dbeab7c4ea32f4662febf3f5,
        type: 2}
      propertyPath: m_LocalRotation.w
      value: 1
      objectReference: {fileID: 0}
    - target: {fileID: 224856316964709132, guid: 86cd9ec8dbeab7c4ea32f4662febf3f5,
        type: 2}
      propertyPath: m_RootOrder
      value: 2
      objectReference: {fileID: 0}
    - target: {fileID: 224856316964709132, guid: 86cd9ec8dbeab7c4ea32f4662febf3f5,
        type: 2}
      propertyPath: m_AnchoredPosition.x
      value: 0
      objectReference: {fileID: 0}
    - target: {fileID: 224856316964709132, guid: 86cd9ec8dbeab7c4ea32f4662febf3f5,
        type: 2}
      propertyPath: m_AnchoredPosition.y
      value: 0
      objectReference: {fileID: 0}
    - target: {fileID: 224856316964709132, guid: 86cd9ec8dbeab7c4ea32f4662febf3f5,
        type: 2}
      propertyPath: m_SizeDelta.x
      value: 100
      objectReference: {fileID: 0}
    - target: {fileID: 224856316964709132, guid: 86cd9ec8dbeab7c4ea32f4662febf3f5,
        type: 2}
      propertyPath: m_SizeDelta.y
      value: 100
      objectReference: {fileID: 0}
    - target: {fileID: 224856316964709132, guid: 86cd9ec8dbeab7c4ea32f4662febf3f5,
        type: 2}
      propertyPath: m_AnchorMin.x
      value: 0.5
      objectReference: {fileID: 0}
    - target: {fileID: 224856316964709132, guid: 86cd9ec8dbeab7c4ea32f4662febf3f5,
        type: 2}
      propertyPath: m_AnchorMin.y
      value: 0.5
      objectReference: {fileID: 0}
    - target: {fileID: 224856316964709132, guid: 86cd9ec8dbeab7c4ea32f4662febf3f5,
        type: 2}
      propertyPath: m_AnchorMax.x
      value: 0.5
      objectReference: {fileID: 0}
    - target: {fileID: 224856316964709132, guid: 86cd9ec8dbeab7c4ea32f4662febf3f5,
        type: 2}
      propertyPath: m_AnchorMax.y
      value: 0.5
      objectReference: {fileID: 0}
    - target: {fileID: 224856316964709132, guid: 86cd9ec8dbeab7c4ea32f4662febf3f5,
        type: 2}
      propertyPath: m_Pivot.x
      value: 0.5
      objectReference: {fileID: 0}
    - target: {fileID: 224856316964709132, guid: 86cd9ec8dbeab7c4ea32f4662febf3f5,
        type: 2}
      propertyPath: m_Pivot.y
      value: 0.5
      objectReference: {fileID: 0}
    - target: {fileID: 223746824241342878, guid: 86cd9ec8dbeab7c4ea32f4662febf3f5,
        type: 2}
      propertyPath: m_Camera
      value: 
      objectReference: {fileID: 443561039}
    - target: {fileID: 224428629618960038, guid: 86cd9ec8dbeab7c4ea32f4662febf3f5,
        type: 2}
      propertyPath: m_LocalPosition.x
      value: 646.09247
      objectReference: {fileID: 0}
    - target: {fileID: 224428629618960038, guid: 86cd9ec8dbeab7c4ea32f4662febf3f5,
        type: 2}
      propertyPath: m_LocalPosition.y
      value: -323
      objectReference: {fileID: 0}
    - target: {fileID: 224505207908914400, guid: 86cd9ec8dbeab7c4ea32f4662febf3f5,
        type: 2}
      propertyPath: m_LocalPosition.x
      value: -646.0925
      objectReference: {fileID: 0}
    - target: {fileID: 224505207908914400, guid: 86cd9ec8dbeab7c4ea32f4662febf3f5,
        type: 2}
      propertyPath: m_LocalPosition.y
      value: 35
      objectReference: {fileID: 0}
    - target: {fileID: 224552513198478344, guid: 86cd9ec8dbeab7c4ea32f4662febf3f5,
        type: 2}
      propertyPath: m_LocalPosition.x
      value: -0.000061035156
      objectReference: {fileID: 0}
    - target: {fileID: 224552513198478344, guid: 86cd9ec8dbeab7c4ea32f4662febf3f5,
        type: 2}
      propertyPath: m_LocalPosition.y
      value: -323
      objectReference: {fileID: 0}
    - target: {fileID: 114860773038052258, guid: 86cd9ec8dbeab7c4ea32f4662febf3f5,
        type: 2}
      propertyPath: stageSelectGO
      value: 
      objectReference: {fileID: 91583557}
    - target: {fileID: 114860773038052258, guid: 86cd9ec8dbeab7c4ea32f4662febf3f5,
        type: 2}
      propertyPath: optionsGO
      value: 
      objectReference: {fileID: 2139299789}
    - target: {fileID: 224361494478680972, guid: 86cd9ec8dbeab7c4ea32f4662febf3f5,
        type: 2}
      propertyPath: m_SizeDelta.x
      value: 200
      objectReference: {fileID: 0}
    - target: {fileID: 224877479581213370, guid: 86cd9ec8dbeab7c4ea32f4662febf3f5,
        type: 2}
      propertyPath: m_SizeDelta.x
      value: 200
      objectReference: {fileID: 0}
    - target: {fileID: 224029588877429074, guid: 86cd9ec8dbeab7c4ea32f4662febf3f5,
        type: 2}
      propertyPath: m_SizeDelta.x
      value: 200
      objectReference: {fileID: 0}
    - target: {fileID: 224361494478680972, guid: 86cd9ec8dbeab7c4ea32f4662febf3f5,
        type: 2}
      propertyPath: m_SizeDelta.y
      value: 200
      objectReference: {fileID: 0}
    - target: {fileID: 224877479581213370, guid: 86cd9ec8dbeab7c4ea32f4662febf3f5,
        type: 2}
      propertyPath: m_SizeDelta.y
      value: 200
      objectReference: {fileID: 0}
    - target: {fileID: 224029588877429074, guid: 86cd9ec8dbeab7c4ea32f4662febf3f5,
        type: 2}
      propertyPath: m_SizeDelta.y
      value: 200
      objectReference: {fileID: 0}
    - target: {fileID: 224361494478680972, guid: 86cd9ec8dbeab7c4ea32f4662febf3f5,
        type: 2}
      propertyPath: m_LocalPosition.x
      value: 0
      objectReference: {fileID: 0}
    - target: {fileID: 224361494478680972, guid: 86cd9ec8dbeab7c4ea32f4662febf3f5,
        type: 2}
      propertyPath: m_AnchoredPosition.x
      value: 0
      objectReference: {fileID: 0}
    - target: {fileID: 224029588877429074, guid: 86cd9ec8dbeab7c4ea32f4662febf3f5,
        type: 2}
      propertyPath: m_LocalPosition.x
      value: 0
      objectReference: {fileID: 0}
    - target: {fileID: 224029588877429074, guid: 86cd9ec8dbeab7c4ea32f4662febf3f5,
        type: 2}
      propertyPath: m_AnchoredPosition.x
      value: 0
      objectReference: {fileID: 0}
    - target: {fileID: 224877479581213370, guid: 86cd9ec8dbeab7c4ea32f4662febf3f5,
        type: 2}
      propertyPath: m_LocalPosition.x
      value: 0
      objectReference: {fileID: 0}
    - target: {fileID: 224877479581213370, guid: 86cd9ec8dbeab7c4ea32f4662febf3f5,
        type: 2}
      propertyPath: m_AnchoredPosition.x
      value: 0
      objectReference: {fileID: 0}
    - target: {fileID: 224361494478680972, guid: 86cd9ec8dbeab7c4ea32f4662febf3f5,
        type: 2}
      propertyPath: m_LocalPosition.y
      value: 0
      objectReference: {fileID: 0}
    - target: {fileID: 224361494478680972, guid: 86cd9ec8dbeab7c4ea32f4662febf3f5,
        type: 2}
      propertyPath: m_AnchoredPosition.y
      value: 0
      objectReference: {fileID: 0}
    - target: {fileID: 224029588877429074, guid: 86cd9ec8dbeab7c4ea32f4662febf3f5,
        type: 2}
      propertyPath: m_LocalPosition.y
      value: 0
      objectReference: {fileID: 0}
    - target: {fileID: 224029588877429074, guid: 86cd9ec8dbeab7c4ea32f4662febf3f5,
        type: 2}
      propertyPath: m_AnchoredPosition.y
      value: 0
      objectReference: {fileID: 0}
    - target: {fileID: 224877479581213370, guid: 86cd9ec8dbeab7c4ea32f4662febf3f5,
        type: 2}
      propertyPath: m_LocalPosition.y
      value: 0
      objectReference: {fileID: 0}
    - target: {fileID: 224877479581213370, guid: 86cd9ec8dbeab7c4ea32f4662febf3f5,
        type: 2}
      propertyPath: m_AnchoredPosition.y
      value: 0
      objectReference: {fileID: 0}
    m_RemovedComponents: []
  m_ParentPrefab: {fileID: 100100000, guid: 86cd9ec8dbeab7c4ea32f4662febf3f5, type: 2}
  m_IsPrefabParent: 0
--- !u!1 &1485678734 stripped
GameObject:
  m_PrefabParentObject: {fileID: 1985666537271232, guid: 86cd9ec8dbeab7c4ea32f4662febf3f5,
    type: 2}
  m_PrefabInternal: {fileID: 756586153}
--- !u!1 &1769707062 stripped
GameObject:
  m_PrefabParentObject: {fileID: 1807511062754428, guid: 44324ca41e8840e429c68a700e3830c6,
    type: 2}
  m_PrefabInternal: {fileID: 2044169974}
--- !u!1001 &1784703348
Prefab:
  m_ObjectHideFlags: 0
  serializedVersion: 2
  m_Modification:
    m_TransformParent: {fileID: 0}
    m_Modifications:
    - target: {fileID: 4038520675569444, guid: c75b08499b5323748a35edd1e3d134de, type: 2}
      propertyPath: m_LocalPosition.x
      value: 0
      objectReference: {fileID: 0}
    - target: {fileID: 4038520675569444, guid: c75b08499b5323748a35edd1e3d134de, type: 2}
      propertyPath: m_LocalPosition.y
      value: 0
      objectReference: {fileID: 0}
    - target: {fileID: 4038520675569444, guid: c75b08499b5323748a35edd1e3d134de, type: 2}
      propertyPath: m_LocalPosition.z
      value: -10
      objectReference: {fileID: 0}
    - target: {fileID: 4038520675569444, guid: c75b08499b5323748a35edd1e3d134de, type: 2}
      propertyPath: m_LocalRotation.x
      value: 0
      objectReference: {fileID: 0}
    - target: {fileID: 4038520675569444, guid: c75b08499b5323748a35edd1e3d134de, type: 2}
      propertyPath: m_LocalRotation.y
      value: 0
      objectReference: {fileID: 0}
    - target: {fileID: 4038520675569444, guid: c75b08499b5323748a35edd1e3d134de, type: 2}
      propertyPath: m_LocalRotation.z
      value: 0
      objectReference: {fileID: 0}
    - target: {fileID: 4038520675569444, guid: c75b08499b5323748a35edd1e3d134de, type: 2}
      propertyPath: m_LocalRotation.w
      value: 1
      objectReference: {fileID: 0}
    - target: {fileID: 4038520675569444, guid: c75b08499b5323748a35edd1e3d134de, type: 2}
      propertyPath: m_RootOrder
      value: 0
      objectReference: {fileID: 0}
    - target: {fileID: 20801328034020704, guid: c75b08499b5323748a35edd1e3d134de,
        type: 2}
      propertyPath: m_CullingMask.m_Bits
      value: 4294967295
      objectReference: {fileID: 0}
    - target: {fileID: 1492824117392136, guid: c75b08499b5323748a35edd1e3d134de, type: 2}
      propertyPath: m_Layer
      value: 5
      objectReference: {fileID: 0}
    - target: {fileID: 1166878755129710, guid: c75b08499b5323748a35edd1e3d134de, type: 2}
      propertyPath: m_Layer
      value: 5
      objectReference: {fileID: 0}
    m_RemovedComponents: []
  m_ParentPrefab: {fileID: 100100000, guid: c75b08499b5323748a35edd1e3d134de, type: 2}
  m_IsPrefabParent: 0
--- !u!1001 &2044169974
Prefab:
  m_ObjectHideFlags: 0
  serializedVersion: 2
  m_Modification:
    m_TransformParent: {fileID: 0}
    m_Modifications:
    - target: {fileID: 224391245309995520, guid: 44324ca41e8840e429c68a700e3830c6,
        type: 2}
      propertyPath: m_LocalPosition.x
      value: 0
      objectReference: {fileID: 0}
    - target: {fileID: 224391245309995520, guid: 44324ca41e8840e429c68a700e3830c6,
        type: 2}
      propertyPath: m_LocalPosition.y
      value: 0
      objectReference: {fileID: 0}
    - target: {fileID: 224391245309995520, guid: 44324ca41e8840e429c68a700e3830c6,
        type: 2}
      propertyPath: m_LocalPosition.z
      value: 0
      objectReference: {fileID: 0}
    - target: {fileID: 224391245309995520, guid: 44324ca41e8840e429c68a700e3830c6,
        type: 2}
      propertyPath: m_LocalRotation.x
      value: 0
      objectReference: {fileID: 0}
    - target: {fileID: 224391245309995520, guid: 44324ca41e8840e429c68a700e3830c6,
        type: 2}
      propertyPath: m_LocalRotation.y
      value: 0
      objectReference: {fileID: 0}
    - target: {fileID: 224391245309995520, guid: 44324ca41e8840e429c68a700e3830c6,
        type: 2}
      propertyPath: m_LocalRotation.z
      value: 0
      objectReference: {fileID: 0}
    - target: {fileID: 224391245309995520, guid: 44324ca41e8840e429c68a700e3830c6,
        type: 2}
      propertyPath: m_LocalRotation.w
      value: 1
      objectReference: {fileID: 0}
    - target: {fileID: 224391245309995520, guid: 44324ca41e8840e429c68a700e3830c6,
        type: 2}
      propertyPath: m_RootOrder
      value: 5
      objectReference: {fileID: 0}
    - target: {fileID: 224391245309995520, guid: 44324ca41e8840e429c68a700e3830c6,
        type: 2}
      propertyPath: m_AnchoredPosition.x
      value: 0
      objectReference: {fileID: 0}
    - target: {fileID: 224391245309995520, guid: 44324ca41e8840e429c68a700e3830c6,
        type: 2}
      propertyPath: m_AnchoredPosition.y
      value: 0
      objectReference: {fileID: 0}
    - target: {fileID: 224391245309995520, guid: 44324ca41e8840e429c68a700e3830c6,
        type: 2}
      propertyPath: m_SizeDelta.x
      value: 100
      objectReference: {fileID: 0}
    - target: {fileID: 224391245309995520, guid: 44324ca41e8840e429c68a700e3830c6,
        type: 2}
      propertyPath: m_SizeDelta.y
      value: 100
      objectReference: {fileID: 0}
    - target: {fileID: 224391245309995520, guid: 44324ca41e8840e429c68a700e3830c6,
        type: 2}
      propertyPath: m_AnchorMin.x
      value: 0.5
      objectReference: {fileID: 0}
    - target: {fileID: 224391245309995520, guid: 44324ca41e8840e429c68a700e3830c6,
        type: 2}
      propertyPath: m_AnchorMin.y
      value: 0.5
      objectReference: {fileID: 0}
    - target: {fileID: 224391245309995520, guid: 44324ca41e8840e429c68a700e3830c6,
        type: 2}
      propertyPath: m_AnchorMax.x
      value: 0.5
      objectReference: {fileID: 0}
    - target: {fileID: 224391245309995520, guid: 44324ca41e8840e429c68a700e3830c6,
        type: 2}
      propertyPath: m_AnchorMax.y
      value: 0.5
      objectReference: {fileID: 0}
    - target: {fileID: 224391245309995520, guid: 44324ca41e8840e429c68a700e3830c6,
        type: 2}
      propertyPath: m_Pivot.x
      value: 0.5
      objectReference: {fileID: 0}
    - target: {fileID: 224391245309995520, guid: 44324ca41e8840e429c68a700e3830c6,
        type: 2}
      propertyPath: m_Pivot.y
      value: 0.5
      objectReference: {fileID: 0}
    - target: {fileID: 223358970909333484, guid: 44324ca41e8840e429c68a700e3830c6,
        type: 2}
      propertyPath: m_Camera
      value: 
      objectReference: {fileID: 443561039}
    m_RemovedComponents: []
  m_ParentPrefab: {fileID: 100100000, guid: 44324ca41e8840e429c68a700e3830c6, type: 2}
  m_IsPrefabParent: 0
--- !u!1001 &2139299788
Prefab:
  m_ObjectHideFlags: 0
  serializedVersion: 2
  m_Modification:
    m_TransformParent: {fileID: 0}
    m_Modifications:
    - target: {fileID: 224487578669374638, guid: 414c6a3ef8fd0534eb9ba5b8463a7563,
        type: 2}
      propertyPath: m_LocalPosition.x
      value: 0
      objectReference: {fileID: 0}
    - target: {fileID: 224487578669374638, guid: 414c6a3ef8fd0534eb9ba5b8463a7563,
        type: 2}
      propertyPath: m_LocalPosition.y
      value: 0
      objectReference: {fileID: 0}
    - target: {fileID: 224487578669374638, guid: 414c6a3ef8fd0534eb9ba5b8463a7563,
        type: 2}
      propertyPath: m_LocalPosition.z
      value: 0
      objectReference: {fileID: 0}
    - target: {fileID: 224487578669374638, guid: 414c6a3ef8fd0534eb9ba5b8463a7563,
        type: 2}
      propertyPath: m_LocalRotation.x
      value: 0
      objectReference: {fileID: 0}
    - target: {fileID: 224487578669374638, guid: 414c6a3ef8fd0534eb9ba5b8463a7563,
        type: 2}
      propertyPath: m_LocalRotation.y
      value: 0
      objectReference: {fileID: 0}
    - target: {fileID: 224487578669374638, guid: 414c6a3ef8fd0534eb9ba5b8463a7563,
        type: 2}
      propertyPath: m_LocalRotation.z
      value: 0
      objectReference: {fileID: 0}
    - target: {fileID: 224487578669374638, guid: 414c6a3ef8fd0534eb9ba5b8463a7563,
        type: 2}
      propertyPath: m_LocalRotation.w
      value: 1
      objectReference: {fileID: 0}
    - target: {fileID: 224487578669374638, guid: 414c6a3ef8fd0534eb9ba5b8463a7563,
        type: 2}
      propertyPath: m_RootOrder
      value: 4
      objectReference: {fileID: 0}
    - target: {fileID: 224487578669374638, guid: 414c6a3ef8fd0534eb9ba5b8463a7563,
        type: 2}
      propertyPath: m_AnchoredPosition.x
      value: 0
      objectReference: {fileID: 0}
    - target: {fileID: 224487578669374638, guid: 414c6a3ef8fd0534eb9ba5b8463a7563,
        type: 2}
      propertyPath: m_AnchoredPosition.y
      value: 0
      objectReference: {fileID: 0}
    - target: {fileID: 224487578669374638, guid: 414c6a3ef8fd0534eb9ba5b8463a7563,
        type: 2}
      propertyPath: m_SizeDelta.x
      value: 100
      objectReference: {fileID: 0}
    - target: {fileID: 224487578669374638, guid: 414c6a3ef8fd0534eb9ba5b8463a7563,
        type: 2}
      propertyPath: m_SizeDelta.y
      value: 100
      objectReference: {fileID: 0}
    - target: {fileID: 224487578669374638, guid: 414c6a3ef8fd0534eb9ba5b8463a7563,
        type: 2}
      propertyPath: m_AnchorMin.x
      value: 0.5
      objectReference: {fileID: 0}
    - target: {fileID: 224487578669374638, guid: 414c6a3ef8fd0534eb9ba5b8463a7563,
        type: 2}
      propertyPath: m_AnchorMin.y
      value: 0.5
      objectReference: {fileID: 0}
    - target: {fileID: 224487578669374638, guid: 414c6a3ef8fd0534eb9ba5b8463a7563,
        type: 2}
      propertyPath: m_AnchorMax.x
      value: 0.5
      objectReference: {fileID: 0}
    - target: {fileID: 224487578669374638, guid: 414c6a3ef8fd0534eb9ba5b8463a7563,
        type: 2}
      propertyPath: m_AnchorMax.y
      value: 0.5
      objectReference: {fileID: 0}
    - target: {fileID: 224487578669374638, guid: 414c6a3ef8fd0534eb9ba5b8463a7563,
        type: 2}
      propertyPath: m_Pivot.x
      value: 0.5
      objectReference: {fileID: 0}
    - target: {fileID: 224487578669374638, guid: 414c6a3ef8fd0534eb9ba5b8463a7563,
        type: 2}
      propertyPath: m_Pivot.y
      value: 0.5
      objectReference: {fileID: 0}
    - target: {fileID: 224647350528743788, guid: 414c6a3ef8fd0534eb9ba5b8463a7563,
        type: 2}
      propertyPath: m_LocalPosition.x
      value: 160.49994
      objectReference: {fileID: 0}
    - target: {fileID: 224309073853130216, guid: 414c6a3ef8fd0534eb9ba5b8463a7563,
        type: 2}
      propertyPath: m_LocalPosition.x
      value: -339.5
      objectReference: {fileID: 0}
    - target: {fileID: 224309073853130216, guid: 414c6a3ef8fd0534eb9ba5b8463a7563,
        type: 2}
      propertyPath: m_LocalPosition.y
      value: 200.7789
      objectReference: {fileID: 0}
    - target: {fileID: 224826184786848706, guid: 414c6a3ef8fd0534eb9ba5b8463a7563,
        type: 2}
      propertyPath: m_LocalPosition.x
      value: 660.49994
      objectReference: {fileID: 0}
    - target: {fileID: 224826184786848706, guid: 414c6a3ef8fd0534eb9ba5b8463a7563,
        type: 2}
      propertyPath: m_LocalPosition.y
      value: 236.10919
      objectReference: {fileID: 0}
    - target: {fileID: 223247364595441952, guid: 414c6a3ef8fd0534eb9ba5b8463a7563,
        type: 2}
      propertyPath: m_Camera
      value: 
      objectReference: {fileID: 443561039}
    - target: {fileID: 114337312243928702, guid: 414c6a3ef8fd0534eb9ba5b8463a7563,
        type: 2}
      propertyPath: mainMenuGO
      value: 
      objectReference: {fileID: 1485678734}
    - target: {fileID: 224876107375093512, guid: 414c6a3ef8fd0534eb9ba5b8463a7563,
        type: 2}
      propertyPath: m_LocalPosition.x
      value: 0
      objectReference: {fileID: 0}
    - target: {fileID: 224876107375093512, guid: 414c6a3ef8fd0534eb9ba5b8463a7563,
        type: 2}
      propertyPath: m_LocalPosition.y
      value: -323
      objectReference: {fileID: 0}
    - target: {fileID: 224886555245556338, guid: 414c6a3ef8fd0534eb9ba5b8463a7563,
        type: 2}
      propertyPath: m_LocalPosition.x
      value: -339.5
      objectReference: {fileID: 0}
    - target: {fileID: 224886555245556338, guid: 414c6a3ef8fd0534eb9ba5b8463a7563,
        type: 2}
      propertyPath: m_LocalPosition.y
      value: 167.35931
      objectReference: {fileID: 0}
    - target: {fileID: 224200676448232874, guid: 414c6a3ef8fd0534eb9ba5b8463a7563,
        type: 2}
      propertyPath: m_LocalPosition.x
      value: 160.49994
      objectReference: {fileID: 0}
    - target: {fileID: 224200676448232874, guid: 414c6a3ef8fd0534eb9ba5b8463a7563,
        type: 2}
      propertyPath: m_LocalPosition.y
      value: 490.3593
      objectReference: {fileID: 0}
    - target: {fileID: 224647350528743788, guid: 414c6a3ef8fd0534eb9ba5b8463a7563,
        type: 2}
      propertyPath: m_LocalPosition.y
      value: 490.3593
      objectReference: {fileID: 0}
    - target: {fileID: 224600105695928638, guid: 414c6a3ef8fd0534eb9ba5b8463a7563,
        type: 2}
      propertyPath: m_SizeDelta.x
      value: 200
      objectReference: {fileID: 0}
    - target: {fileID: 224961824161316646, guid: 414c6a3ef8fd0534eb9ba5b8463a7563,
        type: 2}
      propertyPath: m_SizeDelta.x
      value: 200
      objectReference: {fileID: 0}
    - target: {fileID: 224310421133772720, guid: 414c6a3ef8fd0534eb9ba5b8463a7563,
        type: 2}
      propertyPath: m_SizeDelta.x
      value: 200
      objectReference: {fileID: 0}
    - target: {fileID: 224095703480280320, guid: 414c6a3ef8fd0534eb9ba5b8463a7563,
        type: 2}
      propertyPath: m_SizeDelta.x
      value: 200
      objectReference: {fileID: 0}
    - target: {fileID: 224975937587421120, guid: 414c6a3ef8fd0534eb9ba5b8463a7563,
        type: 2}
      propertyPath: m_SizeDelta.x
      value: 200
      objectReference: {fileID: 0}
    - target: {fileID: 224374094688164830, guid: 414c6a3ef8fd0534eb9ba5b8463a7563,
        type: 2}
      propertyPath: m_SizeDelta.x
      value: 200
      objectReference: {fileID: 0}
    - target: {fileID: 224600105695928638, guid: 414c6a3ef8fd0534eb9ba5b8463a7563,
        type: 2}
      propertyPath: m_SizeDelta.y
      value: 200
      objectReference: {fileID: 0}
    - target: {fileID: 224961824161316646, guid: 414c6a3ef8fd0534eb9ba5b8463a7563,
        type: 2}
      propertyPath: m_SizeDelta.y
      value: 200
      objectReference: {fileID: 0}
    - target: {fileID: 224310421133772720, guid: 414c6a3ef8fd0534eb9ba5b8463a7563,
        type: 2}
      propertyPath: m_SizeDelta.y
      value: 200
      objectReference: {fileID: 0}
    - target: {fileID: 224095703480280320, guid: 414c6a3ef8fd0534eb9ba5b8463a7563,
        type: 2}
      propertyPath: m_SizeDelta.y
      value: 200
      objectReference: {fileID: 0}
    - target: {fileID: 224975937587421120, guid: 414c6a3ef8fd0534eb9ba5b8463a7563,
        type: 2}
      propertyPath: m_SizeDelta.y
      value: 200
      objectReference: {fileID: 0}
    - target: {fileID: 224374094688164830, guid: 414c6a3ef8fd0534eb9ba5b8463a7563,
        type: 2}
      propertyPath: m_SizeDelta.y
      value: 200
      objectReference: {fileID: 0}
    - target: {fileID: 224975937587421120, guid: 414c6a3ef8fd0534eb9ba5b8463a7563,
        type: 2}
      propertyPath: m_LocalPosition.x
      value: 0
      objectReference: {fileID: 0}
    - target: {fileID: 224975937587421120, guid: 414c6a3ef8fd0534eb9ba5b8463a7563,
        type: 2}
      propertyPath: m_AnchoredPosition.x
      value: 0
      objectReference: {fileID: 0}
    - target: {fileID: 224374094688164830, guid: 414c6a3ef8fd0534eb9ba5b8463a7563,
        type: 2}
      propertyPath: m_LocalPosition.x
      value: 0
      objectReference: {fileID: 0}
    - target: {fileID: 224374094688164830, guid: 414c6a3ef8fd0534eb9ba5b8463a7563,
        type: 2}
      propertyPath: m_AnchoredPosition.x
      value: 0
      objectReference: {fileID: 0}
    - target: {fileID: 224600105695928638, guid: 414c6a3ef8fd0534eb9ba5b8463a7563,
        type: 2}
      propertyPath: m_LocalPosition.x
      value: 0
      objectReference: {fileID: 0}
    - target: {fileID: 224600105695928638, guid: 414c6a3ef8fd0534eb9ba5b8463a7563,
        type: 2}
      propertyPath: m_AnchoredPosition.x
      value: 0
      objectReference: {fileID: 0}
    - target: {fileID: 224961824161316646, guid: 414c6a3ef8fd0534eb9ba5b8463a7563,
        type: 2}
      propertyPath: m_LocalPosition.x
      value: 0
      objectReference: {fileID: 0}
    - target: {fileID: 224961824161316646, guid: 414c6a3ef8fd0534eb9ba5b8463a7563,
        type: 2}
      propertyPath: m_AnchoredPosition.x
      value: 0
      objectReference: {fileID: 0}
    - target: {fileID: 224310421133772720, guid: 414c6a3ef8fd0534eb9ba5b8463a7563,
        type: 2}
      propertyPath: m_LocalPosition.x
      value: 0
      objectReference: {fileID: 0}
    - target: {fileID: 224310421133772720, guid: 414c6a3ef8fd0534eb9ba5b8463a7563,
        type: 2}
      propertyPath: m_AnchoredPosition.x
      value: 0
      objectReference: {fileID: 0}
    - target: {fileID: 224095703480280320, guid: 414c6a3ef8fd0534eb9ba5b8463a7563,
        type: 2}
      propertyPath: m_LocalPosition.x
      value: 0
      objectReference: {fileID: 0}
    - target: {fileID: 224095703480280320, guid: 414c6a3ef8fd0534eb9ba5b8463a7563,
        type: 2}
      propertyPath: m_AnchoredPosition.x
      value: 0
      objectReference: {fileID: 0}
    - target: {fileID: 224975937587421120, guid: 414c6a3ef8fd0534eb9ba5b8463a7563,
        type: 2}
      propertyPath: m_LocalPosition.y
      value: 0
      objectReference: {fileID: 0}
    - target: {fileID: 224975937587421120, guid: 414c6a3ef8fd0534eb9ba5b8463a7563,
        type: 2}
      propertyPath: m_AnchoredPosition.y
      value: 0
      objectReference: {fileID: 0}
    - target: {fileID: 224374094688164830, guid: 414c6a3ef8fd0534eb9ba5b8463a7563,
        type: 2}
      propertyPath: m_LocalPosition.y
      value: 0
      objectReference: {fileID: 0}
    - target: {fileID: 224374094688164830, guid: 414c6a3ef8fd0534eb9ba5b8463a7563,
        type: 2}
      propertyPath: m_AnchoredPosition.y
      value: 0
      objectReference: {fileID: 0}
    - target: {fileID: 224600105695928638, guid: 414c6a3ef8fd0534eb9ba5b8463a7563,
        type: 2}
      propertyPath: m_LocalPosition.y
      value: 0
      objectReference: {fileID: 0}
    - target: {fileID: 224600105695928638, guid: 414c6a3ef8fd0534eb9ba5b8463a7563,
        type: 2}
      propertyPath: m_AnchoredPosition.y
      value: 0
      objectReference: {fileID: 0}
    - target: {fileID: 224961824161316646, guid: 414c6a3ef8fd0534eb9ba5b8463a7563,
        type: 2}
      propertyPath: m_LocalPosition.y
      value: 0
      objectReference: {fileID: 0}
    - target: {fileID: 224961824161316646, guid: 414c6a3ef8fd0534eb9ba5b8463a7563,
        type: 2}
      propertyPath: m_AnchoredPosition.y
      value: 0
      objectReference: {fileID: 0}
    - target: {fileID: 224310421133772720, guid: 414c6a3ef8fd0534eb9ba5b8463a7563,
        type: 2}
      propertyPath: m_LocalPosition.y
      value: 0
      objectReference: {fileID: 0}
    - target: {fileID: 224310421133772720, guid: 414c6a3ef8fd0534eb9ba5b8463a7563,
        type: 2}
      propertyPath: m_AnchoredPosition.y
      value: 0
      objectReference: {fileID: 0}
    - target: {fileID: 224095703480280320, guid: 414c6a3ef8fd0534eb9ba5b8463a7563,
        type: 2}
      propertyPath: m_LocalPosition.y
      value: 0
      objectReference: {fileID: 0}
    - target: {fileID: 224095703480280320, guid: 414c6a3ef8fd0534eb9ba5b8463a7563,
        type: 2}
      propertyPath: m_AnchoredPosition.y
      value: 0
      objectReference: {fileID: 0}
    - target: {fileID: 224749795225133334, guid: 414c6a3ef8fd0534eb9ba5b8463a7563,
        type: 2}
      propertyPath: m_LocalPosition.x
      value: 660.49994
      objectReference: {fileID: 0}
    - target: {fileID: 224749795225133334, guid: 414c6a3ef8fd0534eb9ba5b8463a7563,
        type: 2}
      propertyPath: m_LocalPosition.y
      value: 490.3593
      objectReference: {fileID: 0}
    - target: {fileID: 224668803343217344, guid: 414c6a3ef8fd0534eb9ba5b8463a7563,
        type: 2}
      propertyPath: m_SizeDelta.x
      value: 200
      objectReference: {fileID: 0}
    - target: {fileID: 224668803343217344, guid: 414c6a3ef8fd0534eb9ba5b8463a7563,
        type: 2}
      propertyPath: m_SizeDelta.y
      value: 200
      objectReference: {fileID: 0}
    m_RemovedComponents: []
  m_ParentPrefab: {fileID: 100100000, guid: 414c6a3ef8fd0534eb9ba5b8463a7563, type: 2}
  m_IsPrefabParent: 0
--- !u!1 &2139299789 stripped
GameObject:
  m_PrefabParentObject: {fileID: 1139012446904404, guid: 414c6a3ef8fd0534eb9ba5b8463a7563,
    type: 2}
  m_PrefabInternal: {fileID: 2139299788}
